@InProceedings{pillow-ws,
  author  = "D. Cabeza and M. Hermenegildo and S. Varma",
  title   = "The {\sf P}{\em i}{\sf LL}{\em o}{\sf W}/CIAO
                  Library for INTERNET/WWW Programming using
                  Computational Logic Systems",
  booktitle = "Proceedings of the 1st Workshop on Logic Programming Tools
           for INTERNET Applications",
  address = "JICSLP''96, Bonn",
  month   = {September},
  year    = 1996,
  Note    ={Available from {\tt http://clement.info.umoncton.ca/\~{}lpnet}}
}
