%%            MI BIBLIOGRAFIA

%% Articulo del Analisis de groudness de CIAO:
@article{GroundnessCIAO,
   author    = {K. Muthukumar and M. Hermenegildo},
   title     = {Compile-time Derivation of Variable
       Dependency Using Abstract Interpretation},
   journal   = {JLP},
   pages     = {315--347},
   year      = {1992},
   month     = {July},
   volume    = {13},
   number    = {2/3},
   publisher = {Elsevier - North-Holland},
   url       = {ftp://clip.dia.fi.upm.es/pub/papers/DIRECTORY.html},
   butype    = {article},
   editor    = {{S}. {D}ebray}
}
 
%% Analisis de delay de CIAO:
@inproceedings{DelayCIAO,
   author    = {M. {Garc\'{\i}a de la Banda} and K. Marriott and P.
                Stuckey},
   title     = {Efficient Analysis of Constraint Logic Programs
       with Dynamic Scheduling},
   booktitle = {1995 ILPS},
   pages     = {417-431},
   year      = {1995},
   publisher = {The MIT Press},
   url       = {ftp://clip.dia.fi.upm.es/pub/papers/DIRECTORY.html},
   butype    = {inproceedings}
}
 
%% Analisis de cardinalidad (numero) de soluciones:
@InProceedings{Braem,
Author          ={C. Braem and B. Le Charlier and S. Modart and
                  P. {Van Hentenryck}},
Title           ={Cardinality Analysis of {Prolog}},
BookTitle       ={ILPS},
Pages           ={457--471},
Publisher       ={The MIT Press},
Year            ={1994},
papercopy       =302
}

%% Articulo de negacion (razonamiento no monotono) de Apt
@article{Aptnegation,
author          ="Krzysztof~R.~Apt and Roland~N.~Bol",
title           ={{L}ogic {P}rogramming and {N}egation: a {S}urvey},
journal         ={JLP},
pages           ={9--72},
volume          ={19--20},
month           ={July},
Publisher       ={North-Holland},
year            =1994}

%% Articulo de Apt
@InProceedings{Apt,
  author =       {K. R. Apt},
  title =        {Logic Programming},
  booktitle =    {Handbook of Theoretical Computer Science},
  OPTcrossref =  {},
  OPTkey =       {},
  OPTpublisher = {},
  year =      {1990},
  editor =    {J. van Leeuwen},
  volume =    {3},
  OPTnumber =    {},
  OPTseries =    {},
  OPTchapter =   {},
  OPTtype =      {},
  address =   {Elsevier, New York},
  OPTedition =   {},
  OPTmonth =     {},
  pages =     {493--574},
  OPTnote =      {},
  OPTannote =    {}
}

%% Articulo de Puri Arenas:
@article{Arenas,
   author    = {P. Arenas and A. Gil and F. L\'{o}pez-Fraguas},
   title     = {Combining Lazy Narrowing with Disequality Constraints},
   booktitle = {Programming Language Implementation and LP, 6th International Symposium},
   journal   = {Proc. LNCS},
   pages     = {385--399},
   year      = {1994},
   month     = {September},
   volume    = {844},
   note      = {},
   publisher = {Springer},
   address   = {Madrid, Espa¤a},
   editor    = {M. Hermenegildo and J. Penjam}
}
 
%% Articulo de Barbuti de Negacion Intensional :
@article{Barbuti1,
   author    = {R. Barbuti and D. Mancarella and D. Pedreschi and F.
Turini},
   title     = {Intensional Negation of Logic Programs},
   booktitle = {Procedings of International Joint Conference on Theory
and Practice of Software Development, TAPSOFT'87},
   journal   = {Lecture notes on Computer Science},
   pages     = {96--110},
   year      = {1987},
   month     = {},
   volume    = {250},
   note      = {},
   publisher = {Springer LNCS},
   address   = {},
   editor    = {H. Ehrig, R. Kowalski, G. Levi, U. Montanari}
}

%% Articulo de Barbuti de Negacion Intensional :
@article{Barbuti2,
   author    = {R. Barbuti and D. Mancarella and D. Pedreschi and F.
Turini},
   title = {A Transformational Approach to Negation in Logic
Programming},
   journal   = {JLP},
   pages     = {201--228},
   year      = {1990},
   volume    = {8},
   number    = {3}
}

%% Articulo de Bruscoli, Levi, el otro Levi y Meo sobre Negacion Constructiva
@inproceedings{Bruscoli,
        Author = "Bruscoli, P. and Levi, F. and Levi, G. and Meo, M.C.",
        Title = "{C}ompilative {C}onstructive {N}egation in {C}onstraint {L}ogic {P}rograms",
        Year = 1994,
        Pages = "52--67",
        Editor = "Tyson, Sophie",
        BookTitle = "Proc. of the Nineteenth International Colloquium on Trees in Algebra and Programming,  CAAP '94",
        Volume = "787",
        series = "LNCS",
        Publisher = "Springer-Verlag",
        Address = "Berlin"
     }
%% Articulo de Chan sobre Negacion Constructiva:
@InProceedings{Chan1,
   author    = {D. Chan},
   title     = {Constructive Negation Based on the Complete Database},
   booktitle = {Proc. Int. Conference on LP'88},
   pages     = {111--125},
   year      = {1988},
   publisher = {The MIT Press}
}

%% Articulo de Chan sobre una Extension de la Negacion Constructiva:
@InProceedings{Chan2,
   author    = {D. Chan},
   title     = {An Extension of Constructive Negation and its
Application in Coroutining},
   booktitle = {Proc. NACLP'89},
   pages     = {477--493},
   year      = {1989},
   publisher = {The MIT Press},
}

%% Articulo de Clark de negacion por fallo:
@InProceedings{Clark,
   author    = {K. L. Clark},
   title     = {Negation as Failure},
   booktitle = {Logic and Data Bases},
   journal   = {},
   pages     = {293--322},
   year      = {1978},
   month     = {},
   volume    = {},
   note      = {},
   publisher = {Plenum Press},
   address   = {New York, NY},
   editor    = {H. Gallaire and J. Minker}
}

%% Articulo de Drabent:
@article{Drabent,
   author    = {W. Drabent},
   title     = {What is a Failure? {A}n Approach to Constructive Negation.},
   booktitle = {},
   journal   = {Acta Informatica.},
   pages     = {27--59},
   year      = {1995},
   month     = {},
   volume    = {33},
   note      = {},
   publisher = {},
   address   = {},
   editor    = {}
}

%% Articulo de Debray sobre coste del analisis estatico sobre programas logicos:
@article{Debray,
   author    = {S. K. Debray and N. W. Lin},
   title     = {Cost analysis of logic programs},
   journal   = {ACM Transactions of Programming Languages and Systems},
   pages     = {826--875},
   year      = {1993},
   month     = {November},
   volume    = {15},
   number    = {5}
}


%% Articulo de Holzbaur sobre variables con atributos:
%   month     = {August},
@article{Holzbaur,
   author    = {C. Holzbaur},
   title     = {Metastructures vs. Attributed Variables in the Contex
of Extensible Unification},
   booktitle = {1992 ILPS},
   journal   = {Implementation and LP LNC S631},
   pages     = {260--268},
   year      = {1992},
   volume    = {},
   note      = {},
   publisher = {Springer, Verlag},
   address   = {},
   editor    = {}
}

%% Articulo de Kuchen:
@article{Kuchen,
   author    = {H. Kuchen and F. L\'{o}pez-Fraguas and J.J.
Moreno-Navarro and M. Rodr\'{\i}guez-Artalejo},
   title     = {Implementing a Lazy Functional Logic Language with
Disequality Constraints},
   booktitle = {Procedings of the Joint International Conference and
Symposium on Logic Programming},
   pages     = {189--224},
   year      = {1992},
   publisher = {The MIT Press}
}

%% Articulo de Kunen:
%   journal   = {J. of Logic Programming},
@article{Kunen,
   author    = {K. Kunen},
   title     = {Negation in Logic Programming},
   journal   = {Journal in Logic Programming},
   pages     = {289--308},
   year      = {1987},
   volume    = {4}
}

%% Articulo de Lassez consultado en la negacion intensional
@Article{Lassez,
  author =       {J. L. Lassez and K. Marriot},
  title =        {Explicit Representation of Terms Defined by Counter
Examples},
  journal =      {Journal of Automated Reasoning},
  year =         {1987},
  OPTkey =       {},
  volume =       {3},
  OPTnumber =    {},
  OPTmonth =     {},
  OPTpages =     {},
  OPTnote =      {},
  OPTannote =    {}
}

%% Libro de Lloyd :
@Book{Lloyd,
   author    = {J. W. Lloyd},
   title     = {Foundations of Logic Programing, 2nd edition},
   year      = {1987},
   publisher = {Springer}
}

%% Libro de Lloyd sobre Goedel
@Book{Goedel,
   author    = {P.M. Hill and J.W. Lloyd},
   title     = {The G{\"o}del Programming Language},
   year      = {1994},
   publisher = {The MIT Press}
}

%% Articulo de Pedro Lopez sobre analisi estatico para determinar que no hay fallo:
@InProceedings{Lopez1,
  author =       {P. L\'opez-Garc\'{\i}a and M. Hermenegildo and S. Debray},
  title =        {NonFailure Analysis for Logic Programs},
  booktitle =    {1997 ICLP},
  OPTcrossref =  {},
  OPTkey =       {},
  OPTeditor =    {},  title =        {Lower Bound Cost Estimation for Logic Programs},
  booktitle =    {1997 ILPS},
  OPTcrossref =  {},
  OPTkey =       {},
  OPTeditor =    {},
  OPTvolume =    {},
  OPTnumber =    {},
  OPTseries =    {},
  year =      {1997},
  OPTorganization = {},
  publisher = {MIT Press},
  OPTnote =      {},
  OPTannote =    {}
}


%% Articulo de Pedro Lopez sobre analisis estatico para determinar limites inferiores:
@InProceedings{Lopez2,
  author =       {P. L\'opez-Garc\'{\i}a and M. Hermenegildo and S. Debray and
                  N. W. Lin},
  title =        {Lower Bound Cost Estimation for Logic Programs},
  booktitle =    {1997 International Logic Programming Symposium},
  OPTcrossref =  {},
  OPTkey =       {},
  OPTeditor =    {},
  OPTvolume =    {},
  OPTnumber =    {},
  OPTseries =    {},
  year =      {1997},
  OPTorganization = {},
  publisher = {MIT Press},
  OPTnote =      {},
  OPTannote =    {}
}

%% Articulo de Juanjo sobre Default Rules para la negacion constructiva:
@InProceedings{Moreno1,
   author    = {J.J. Moreno-Navarro},
   title     = {Default Rules: An Extension of Constructive Negation for
                Narrowing-based Languages},
   booktitle = {Proc. ICLP'94},
   pages     = {535--549},
   year      = {1994},
   volume    = {},
   note      = {},
   publisher = {The MIT Press},
}

%% Articulo de Juanjo sobre la negacion constructiva en funciones parciales:
@article{Moreno2,
   author    = {J.J. Moreno-Navarro},
   title     = {Extending Constructive Negation for Partial Functions in
Lazy Narrowing-based Languages},
   booktitle = {Proc. ELP'96},
   year      = {1996},
   month     = {},
   volume    = {},
   note      = {},
   publisher = {LNAI, Spinger Verlag},
   editor    = {P. V. Hentenryck}
}

@InProceedings{naish:lncs,
  Author =       "L. Naish",
  Title =        {{N}egation and {C}ontrol in {P}rolog},
  booktitle =    {LNCS},
  publisher =    {Springer-Verlag},
  number =       {238},
  year =         1985
}

%% Articulo de Nish en el que introduce el para_todo en Nu-Prolog:
@InProceedings{Naish,
   author    = {L. Naish},
   title     = {Negation and Quantifiers in {NU-Prolog}},
   booktitle = {Proc. 3rd ICLP},
   year      = {1986}
}

%% Articulo de Ramirez y Falaschi:
@article{Ramirez3,
   author    = {M.J. Ram\'{\i}rez and M. Falaschi},
   title     = {Conditional Narrowing with Constructive Negation},
   booktitle = {Proc. 3rd Int'l Workshop on Extension of LP ELP'92},
   journal   = {Lecture Notes in Artificial Intelligence},
   pages     = {59--79},
   year      = {1993},
   month     = {},
   volume    = {660},
   note      = {},
   publisher = {Springer LNCS},
   address   = {Bologna, Italy},
   editor    = {E. Lamma, P. Mello}
}

%% Articulo de Stärk sobre corte y negacion por fallo:
@article{Stark,
   author    = {R. F. Stark},
   title     = {Cut-property and negation as failure},
   journal   = {International Journal of Foundations of Computer Science},
   pages     = {129--164},
   year      = {1994},
   volume    = {5(2)}
}

%% Articulo de Stuckey:
@InProceedings{Stuckey,
   author    = {P. Stuckey},
   title     = {Constructive Negation for Constraint Logic Programming},
   booktitle = {Proc. IEEE Symp. on Logic in Computer Science},
   journal   = {},
   pages     = {},
   year      = {1991},
   month     = {},
   volume    = {660},
   note      = {},
   publisher = {IEEE Comp. Soc. Press},
   address   = {},
   editor    = {}
}
%% Articulo de Stuckey:
@InProceedings{Stuckey95,
   author    = {P. Stuckey},
   title     = {Negation and Constraint Logic Programming},
   booktitle = {Information and Computation},
   journal   = {},
   pages     = {12-33},
   year      = {1995},
   month     = {},
   volume    = {118},
   note      = {},
   number =    {1},
   publisher = {},
   address   = {},
   editor    = {}
}

%% Articulo de Voronkov sobre el para_todo:

@InProceedings{Voronkov,
  author =       {A. Voronkov},
  title =        {Logic Programming with Bounded Quantifiers},
  booktitle =    {First Russian Conference on LP},
  OPTcrossref =  {},
  OPTkey =       {},
  editor =    {A. Voronkov},
  volume =    {592},
  OPTnumber =    {},
  OPTseries =    {},
  year =      {1990},
  OPTorganization = {},
  publisher = {Springer 1992},
  address =   {Irkutsk, Rusia},
  month =     {September},
  pages =     {486--514},
  OPTnote =      {},
  OPTannote =    {}
}

%% Articulo de Carlsson sobre variables con atributos

@InProceedings{Carlsson,
  author =       {M. Carlsson},
  title =        {Freeze, Indexing, and other Implementation Issues in the WAM},
  booktitle =    {ICLP},
  OPTcrossref =  {},
  OPTkey =       {},
  editor =    {},
  volume =    {},
  OPTnumber =    {},
  OPTseries =    {},
  year =      {1987},
  OPTorganization = {},
  publisher = {The MIT Press},
  address =   {},
  pages =     {40--58},
  OPTnote =      {},
  OPTannote =    {}
}


%% Articulo de referencia de CIAO
@manual{CIAO,
  author =       {F. Bueno},
  title =        {The CIAO Multiparadigm Compiler: A User's Manual},
  OPTcrossref =  {},
  OPTkey =       {},
  editor =    {},
  volume =    {},
  OPTnumber =    {},
  OPTseries =    {},
  year =      {1995},
  OPTorganization = {},
  publisher = {Facultad de Inform\'atica, UPM},
  address =   {},
  month =     {},
  pages =     {},
  OPTnote =      {},
  OPTannote =    {}
}


%% TFC Susana
@mastersthesis{SusanaTFC,
  author =       {S. Mu{\~n}oz},
  title =        {Algunas T\'ecnicas para el Tratamiento de Informaci\'on
                  Negativa en {Prolog}},
  OPTcrossref =  {},
  OPTkey =       {},
  editor =    {},
  volume =    {},
  OPTnumber =    {},
  OPTseries =    {},
  year =      {1997},
  school =    {Facultad de Inform\'atica, UPM},
  OPTorganization = {},
  publisher = {},
  address =   {},
  month =     {},
  pages =     {},
  OPTnote =      {},
  OPTannote =    {}
}

%% Susana - Artículo de PRODE 98
@InProceedings {SusanaPRODE98,
  author =       {J.J. Moreno and S. Mu{\~n}oz},
  title =        {On the Practical Use of Negation in a Prolog Compiler},
  booktitle =    {Joint Conference on Declarative Programming},
  OPTcrossref =  {},
  OPTkey =       {},
  editor =    {J.L. Freire-Nistal, M. Falaschi, M. Vilares-Ferro},
  volume =    {},
  OPTnumber =    {},
  OPTseries =    {},
  year =      {1998},
  OPTorganization = {APPIA, GULP, PRODE (AGP'98)},
  publisher = {},
  address =   {A Coruña (Spain)},
  pages =     {457--469},
  OPTnote =      {},
  OPTannote =    {}
}


%% Susana - Artículo de PADL'2000
%  booktitle =    {2nd International Workshop in Practical Aspects of Declarative Languages (PADL'2000)},
@InProceedings {SusanaPADL2000,
  author =       {S. Mu{\~n}oz and J.J. Moreno},
  title =        {How to Incorporate Negation in a Prolog Compiler},
  booktitle =    {2nd International Workshop PADL'2000},
  editor =    {E. Pontelli, V. Santos Costa},
  volume =    1753,
  series =       {LNCS},
  year =      2000,
  publisher = {Springer},
  address =   {Boston, MA (USA)},
  pages =     {124--140}
}



%% Susana - Artículo de PRODE 2000
@InProceedings {SusanaPRODE00,
  author =       {S. Mu{\~n}oz and J.J. Moreno and M. Hermenegildo},
  title =        {Efficient Implementation of General Negation Using Abstract Interpretation},
  booktitle =    {Joint Conference on Declarative Programming},
  year =      {2000},
  OPTorganization = {APPIA, GULP, PRODE (AGP'00)},
  address =   {La Habana (Cuba)},
  postscript    = {prode00.ps.gz}
}

% Susana - Artículo de LPAR 01
@InProceedings {SusanaLPAR01,
  author =       {S. Mu{\~n}oz and J.J. Moreno and M. Hermenegildo},
  title =        {Efficient Negation Using Abstract Interpretation},
  booktitle =    {Logic for Programming, Artificial Intelligence and Reasoning},
  OPTcrossref =  {},
  OPTkey =       {},
  editor =    {R.Nieuwenhuis and A. Voronkov},
  volume =    {},
  OPTnumber =    {2250},
  OPTseries =    {LNAI},
  year =      {2001},
  OPTorganization = {LPAR 2001},
  publisher = {},
  address =   {La Habana (Cuba)},
  pages =     {},
  OPTnote =      {},
  OPTannote =    {}
}

%% Susana - Artículo de CUW'01
@InProceedings {SusanaCUW01,
  author =       {C. Vaucheret and S. Guadarrama and S. Mu{\~n}oz},
  title =        {Fuzzy prolog: A simple implementation using clp(r)},
  booktitle =    {Constraints and Uncertainty},
  OPTcrossref =  {},
  OPTkey =       {},
  editor =    {},
  volume =    {},
  OPTnumber =    {},
  OPTseries =    {},
  year =      {2001},
  OPTorganization = {CP'2001 workshop},
  publisher = {},
  address =   {Paphos (Cyprus)},
  pages =     {},
  OPTnote =      {},
  OPTannote =    {}
}

%% Articulo deVan Gelder y otros:
@article{VGelder,
   author    = {A. Van Gelder and K.A. Ross and J.S. Schlipf},
   title     = {The Well-founded Semantics for General Logic Programs},
   journal   = {J. of the ACM},
   pages     = {620-650},
   year      = {1991},
   volume    = {38(3)}
}


%% Articulo de Negation as Instantiation:
@article{nai,
   author    = {A. Di Pierro and M. Martelli and C. Palamidessi},
   title     = {Negation as Instantiation},
   journal   = {Information and Computation},
   pages     = {263-278},
   year      = {1995},
   volume    = {120(2)}
}

%% Articulo de German sobre eliminacion de los delays:
@inproceedings{Puebla,
   author    = {G.~Puebla and M.~{Garc\'{\i}a de la Banda} and
       K.~Marriott and P.~Stuckey},
   title     = {{O}ptimization of {L}ogic {P}rograms with {D}ynamic {S}cheduling},
   booktitle = {1997 International Conference on LP},
   pages     = {93--107},
   year      = {1997},
   month     = {June},
   publisher = {MIT Press},
   address   = {Cambridge, MA},
   publisher_location = {Cambridge, MA, U.S.A.},
   butopics  = {conc,anal,spec},
   butype    = {inproceedings},
   paper_presentation_city = {Leuven},
   paper_presentation_country = {Belgium}
}

% CLP en Ciao
@incollection{ciao-novascience,
   author    = {M.~Hermenegildo and F.~Bueno and D.~Cabeza and 
                M.~{Garc\'{\i}a de la Banda} and P.~L\'{o}pez  
                and G.~Puebla},
   title     = {{T}he {CIAO} {M}ulti-{D}ialect {C}ompiler and {S}ystem: {A}n 
       {E}xperimentation {W}orkbench for {F}uture {(C)LP} {S}ystems},
  booktitle =        {{P}arallelism and {I}mplementation of {L}ogic and {C}onstraint {L}ogic {P}rogramming},
  publisher =    {Nova Science},
  year =         1999,
  month =        {April},
  address = {Commack, NY, USA},  
  npages = 21
}

% The Craft of Prolog
@Book{Craft,
  author =       {R. A. O'Keefe},
  ALeditor =       {E. Shapiro},
  title =        {The Craft of Prolog},
  publisher =    {The MIT Press},
  year =         1990
}

% The Art of Prolog
@Book{Art,
  author =       {L. Sterling, E. Shapiro},
  ALeditor =       {E. Shapiro},
  title =        {The Art of Prolog},
  publisher =    {The MIT Press},
  year =         1987
}

% The Practice of Prolog
@Book{Practice,
  ALauthor =       {P.Drongowski, E. Gabber, L. Sterling, S. Tuecke et all},
  editor =       {L. Sterling},
  title =        {The Practice of Prolog},
  publisher =    {The MIT Press},
  year =         1990
}


% Buena referencia para ciaopp
%  booktitle =    {1999 International Conference on Logic Programming},
@inproceedings{ciaopp-iclp99-tut,
  author =       {M.~Hermenegildo and F.~Bueno and G.~Puebla 
                  and P.~L\'{o}pez-Garc\'{\i}a}, 
  title =        {{P}rogram {A}nalysis, {De}bugging and {O}ptimization 
                  {U}sing the {C}iao {S}ystem {P}reprocessor},
  booktitle =    {1999 ICLP},
  year =         {1999},
  month =        {November},
  pages =        {52--66},
  publisher =    {MIT Press},
  address =      {Cambridge, MA},
  publisher_location ={Cambridge, MA, U.S.A.},
  butopics =     {impl,debug,anal,lang,cons,gran},
  butype =       {invited},
  paper_presentation_city ={Las Cruces, NM},
  paper_presentation_country ={USA},
  projects =     {ELLA, DISCIPL}
}

% Manual de ciaopp
%  month =        {November},
@techreport{ciaopp-manual,
  author =       {F.~Bueno and P.~L\'{o}pez-Garc\'{\i}a and G.~Puebla and M.~Hermenegildo},
  title =        {{T}he {Ciao} {P}rolog {P}reprocessor},
  institution =  {Technical University of Madrid (UPM)},
  year =         1999,
  address =      {Facultad de Inform\'atica, 28660 Boadilla del Monte, Madrid,
                  Spain},
  number =       {CLIP8/95.0.7.20},
  npages =       {72},
  butopics =     {debug,cons,anal},
  butype =       {techreport}
}

@Misc{JBbib,
  key =    {Logic programming bibliography},
  title =     {{T}he {C}ollection of {C}omputer {S}cience {B}ibliographies},
  howpublished = {\\\texttt{http://liinwww.ira.uka.de/bibliography/LogicProgramming/index.html}},
}

@InProceedings{ciao-modules-cl2000,
  author =       {D.~Cabeza and M.~Hermenegildo},
  title =        {{A} {N}ew {M}odule {S}ystem for {P}rolog},
  booktitle =    {International Conference on Computational Logic, CL2000},
  publisher =    {Springer-Verlag},
  series =       {LNCS},
  publisher_location ={Heidelberg, Germany},
  year =     2000,
  month =    {July},
  butype =       {Inproceedings},
  butopics =     {lang,impl,anal,spec},
  projects =     {EDIPIA},
  paper_presentation_city ={London},
  paper_presentation_country ={U.K.}
}



@Article{Common,
  author = 	 {H.Common and P. Lescanne},
  title = 	 {Equational Problems and Disunifications},
  journal = 	 {Journal of Symbolic Computation},
  year = 	 {1989},
  OPTkey = 	 {},
  volume = 	 {7},
  OPTnumber = 	 {},
  pages = 	 {371-425},
  OPTmonth = 	 {},
  OPTnote = 	 {},
  OPTannote = 	 {}
}

@Article{Fages,
  author = 	 {F.Fages},
  title = 	 {Constructive Negation by Prunning},
  journal = 	 {Journal of Logic Progrmming},
  year = 	 {1997},
  OPTkey = 	 {},
  volume = 	 {32},
  number = 	 {2},
  OPTpages = 	 {85-118},
  OPTmonth = 	 {},
  OPTnote = 	 {},
  OPTannote = 	 {}
}


@Article{Fitting,
  author = 	 {M. Fitting},
  title = 	 {A Kripke-Kleene semantics for logic programs},
  journal = 	 {Journal of Logic Programming},
  year = 	 {1985},
  OPTkey = 	 {},
  volume = 	 {2},
  number = 	 {4},
  pages = 	 {295-312},
  OPTmonth = 	 {},
  OPTnote = 	 {},
  OPTannote = 	 {}
}

@Book{Hodges,
  ALTauthor = 	 {W. Hodges},
  ALTeditor = 	 {},
  title = 	 {Model Theory},
  publisher = 	 {Cambridge University Press},
  year = 	 {1993},
  OPTkey = 	 {},
  volume = 	 {42},
  OPTnumber = 	 {},
  series = 	 {Encyclopedia of Mathematics and its Applications},
  OPTaddress = 	 {},
  OPTedition = 	 {},
  OPTmonth = 	 {},
  OPTnote = 	 {},
  OPTannote = 	 {}
}

@Article{Lucio,
  author = 	 {P. Lucio and F. Orejas and E. Pino},
  title = 	 {An Algebraic Framework for the Definition of Compositonal Semantics of Normal Logic Programs},
  journal = 	 {Journal of Logic Programming},
  year = 	 {1999},
  OPTkey = 	 {},
  volume = 	 {40},
  OPTnumber = 	 {},
  pages = 	 {89-123},
  OPTmonth = 	 {},
  OPTnote = 	 {},
  OPTannote = 	 {}
}




@InProceedings{Maher,
  author = 	 {M. J. Maher},
  title = 	 {Complete Axiomatizations of the Algebras of Finite, Rational and Infinite Trees},
  booktitle = 	 {Proceeding os the 3rd IEEE Symp. on Logic in Computer Science},
  OPTcrossref =  {},
  OPTkey = 	 {},
  pages = 	 {348-357},
  year = 	 {1988},
  OPTeditor = 	 {},
  OPTvolume = 	 {},
  OPTnumber = 	 {},
  OPTseries = 	 {},
  OPTaddress = 	 {},
  OPTmonth = 	 {},
  OPTorganization = {},
  OPTpublisher = {},
  OPTnote = 	 {},
  OPTannote = 	 {}
}



@TechReport{Shepherdson,
  author = 	 {J. C. Shepherdson},
  title = 	 {Language and Equality Theory in Logic Programming},
  institution =  {University of Bristol},
  year = 	 {1991},
  key = 	 {Tecnical Report No. PM-91-02},
  OPTtype = 	 {},
  OPTnumber = 	 {},
  OPTaddress = 	 {},
  OPTmonth = 	 {},
  OPTnote = 	 {},
  OPTannote = 	 {}
}


@InProceedings{Pasarella,
  author = 	 {E. Pasarella and E. Pino and F. Orejas},
  title = 	 {Constructive Negation without Subsidiary Trees},
  booktitle = 	 {Proc. of the 9th International Workshop on Functional and Logic Programming , WFLP'2000, Benicassin},
  OPTcrossref =  {},
  OPTkey = 	 {},
  OPTpages = 	 {},
  year = 	 {September 2000},
  OPTeditor = 	 {},
  OPTvolume = 	 {},
  OPTnumber = 	 {},
  OPTseries = 	 {},
  address = 	 {Benicassin, Spain},
  OPTmonth = 	 {},
  OPTorganization = {},
  OPTpublisher = {},
  OPTnote = 	 {},
  OPTannote = 	 {}
}


@Book{Shoenfield,
  ALTauthor = 	 {J. R. Shoenfield},
  ALTeditor = 	 {},
  title = 	 {Mathematical Logic},
  publisher = 	 {Association for Symbolic Logic},
  year = 	 {1967},
  OPTkey = 	 {},
  OPTvolume = 	 {},
  OPTnumber = 	 {},
  OPTseries = 	 {},
  OPTaddress = 	 {},
  OPTedition = 	 {},
  OPTmonth = 	 {},
  OPTnote = 	 {},
  OPTannote = 	 {}
}

@Book{Ben-Ari,
  ALTauthor = 	 {Ben-Ari},
  ALTeditor = 	 {},
  title = 	 {},
  publisher = 	 {},
  year = 	 {},
  OPTkey = 	 {},
  OPTvolume = 	 {},
  OPTnumber = 	 {},
  OPTseries = 	 {},
  OPTaddress = 	 {},
  OPTedition = 	 {},
  OPTmonth = 	 {},
  OPTnote = 	 {},
  OPTannote = 	 {}
}

$.
A Cantor's diagonalization (a method to implement a breadth first 
strategy of cartesian products) is used to ensure that
all skeletons are generated and checked. 
For the actual implementation, skeletons does not use variables but 
new constants that do not appear in the program, i.e. ``Skolem % SIG-ALTERNATE.CLS - VERSION 1.0
% "COMPATIBLE" WITH THE "ACM_PROC_ARTICLE-SP.CLS" V2.01SP
% Gerald Murray July 1 2000
%
% ---- Start of 'updates'  ----
%
% Allowance made to switch default fonts between those s
