%%%%%%%%%%%%%%%%%%%%%%%%%%%%%%%%%%%%%%%%%%%%%%%%%%%%%%%%%%%%%%%%%%%%%%%%%%%%%%%
%@string{info = {References for Knowledge Representation}}
%%%%%%%%%%%%%%%%%%%%%%%%%%%%%%%%%%%%%%%%%%%%%%%%%%%%%%%%%%%%%%%%%%%%%%%%%%%%%%%

%%%%%%%%%%%%%%%%%%%%%%%%%%%%%%%%%%%%%%%%%%%%%%%%%%%%%%%%%%%%%%%%%%%%%%%%%%%%%%
%@string{currentuser = {NESSUNO}}
%@string{info01 = {Time-stamp: "2010-02-22 23:25:36 calvanese"}}
%@string{info02 = {Note sull'uso:}}
%@string{info03 = {- Prima di fare modifiche sostituire "NESSUNO" con il}}
%@string{info04 = {  proprio nome e salvare}}
%@string{info05 = {- Finito l'editing sostituire il proprio nome con "NESSUNO"}}
%@string{info06 = {  aggiornare il log e salvare}}
%@string{info07 = {- Se al momento di aprire il file si vede che e` gia` usato}}
%@string{info08 = {  da qualcuno NON fare modifiche e NON SALVARE}}
%%%%%%%%%%%%%%%%%%%%%%%%%%%%%%%%%%%%%%%%%%%%%%%%%%%%%%%%%%%%%%%%%%%%%%%%%%%%%%

%%%%%%%%%%%%%%%%%%%%%%%%%%%%%%%%%%%%%%%%%%%%%%%%%%%%%%%%%%%%%%%%%%%%%%%%%%%%%%
@string{info10 = {For string definitions import as bibliography-file one of:}}
@string{info11 = { - short-string.bib}}
@string{info12 = { - medium-string.bib}}
@string{info13 = { - long-string.bib}}
%%%%%%%%%%%%%%%%%%%%%%%%%%%%%%%%%%%%%%%%%%%%%%%%%%%%%%%%%%%%%%%%%%%%%%%%%%%%%%

@mastersthesis{Lu,
  author    = "Jingwei Lu",
  title     = "Extending Fuzzy Logic with characteristics Similarity and Quantification",
  school = "Facultad de Informatica",
  year      = 2011,

}

@article{Aga,
  author    = {Pragya Agarwal},
  title     = {Lotfi Zadeh: Fuzzy logic-Incoporating Real-World Vagueness},
  journal   = {Spatially Integrated Social Science's collection},
  pages     = {68},
}

@book{IK85,
  author    = "Mitsuru Ishizuka and Naoki Kanai",
  title     = "Prolog-elf incorporating fuzzy logic",
  booktitle = "In IJCAI’85: Proceedings of the 9th international joint conference on Artificial intelligence",
  year      = 1985,
  pages     = "701–703",
  publisher = "Morgan Kaufmann Publishers Inc",
}

@article{Lee72,
  author =       {R. C. T. Lee.},
  title =        {Fuzzy Logic and the resolution principle},
  journal =      {the Association for Computing Machinery},
  volume =       {19(1)},
  pages =        {119–129},
  year =         {1972},
}


@book{Llo87,
  editor =       "John Wylie Lloyd",
  booktitle =    "Foundations of Logic Programming, 2nd Edition.",
  publisher =    "Springer",
  year =         1987,
}


@article{BMP95,
  author    = {J. F. Baldwin and T. P. Martin and B. W. Pilsworth},
  title     = {Fril- Fuzzy and Evidential Reasoning in Artificial Intelligence},
  year      = {1995},
}


@article{LL90,
  author    = {Deyi Li and Dongbo Liu},
  title     = {A fuzzy Prolog database system},
  year      = {1990},
}


@article{GMHV04,
  author    = {S. Guadarrama and S. Munoz-Hernandez and C. Vaucheret},
  title     = {Fuzzy prolog: a new approach using soft constraints propagation.},
  journal = {Fuzzy Sets and Systems (FSS)},
  volume = {144},
  number = {1},
  page = {127-150},
  year      = {2004},
}


%@article{BH,
 % author    = {Alexander Budanitsky and Graeme Hirst},
  %title     = {Semantic distance in WordNet: An experimental application-oriented evaluation of five measures},
  %journal   = {Department of Computer Science University of Toronto},
%}

@article{GO,
  author    = {Adolfo Guzman-Arenas and Jesus M. Olivares-Ceja},
  title     = {Finding the Most Similar Concepts in two Different Ontologies},
  journal   = {Centro de Investigación en Computación Instituto Politécnico Nacional},
}

@article{AT02,
  author    = {Andreasen T. },
  title     = {On knowledge-guided fuzzy aggregation},
  journal   = {International Conference on Information Processing and Management of Uncertainty in Knowledge-Based Systems},
  year      = {2002},
}

@article{FFG89,
  author    = {K. Forbus and B. Falkenhainer, D. Gentner.},
  title     = {The structure mapping engine: algorithms and examples},
  journal   = {Artificial Intelligence},
  volume    = {41},
  number    = {1},
  year      = {1989},
  pages     = {1-63},
}

@article{SYL79,
   title = {A tree-to-tree distance and its application to cluster analysis.},
   year = {1979},
   author = {S. Y. Lu.},
   journal = {IEEE Transactions on Pattern Analysis and Machine Intelligence (PAMI)},
   page ={219-224},
}


@book{MT92,
   title = "On the complexity of finding iso- and others morphisms for partial k-trees",
   year = 1992,
   author = "Jiri Matousek and R. Thomas",
   booktitle = "Discrete Mathematics",
   page = "343-364",
}


%@book{Fel98,
 % author    = "Christiane Fellbaum",
  %title     = "WordNet – An electronic lexical database",
 % year      = 1998,
 % publisher = "MIT Press"
%}


@article{BCW,
   title = {FeedbackBypass: A New Approach to Interactive Similarity Query Processing},
   author = {Ilaria Bartolini and Paolo Ciaccia and Florian Waas},
   journal = {DEIS – CSITE-CNR and Microsoft Corp},
}

@book{Z88,
   title = "Fuzzy Logic",
   author = "Lofti A. Zadeh",
   year = 1988,
   publisher = "Stanford University. Center for the Study of Language and Information",
}

@article{GMV04,
   title = {Fuzzy Prolog: a new approach using soft constraints propagation},
   author = {S. Guadarramaa and S. Munoz and C. Vaucheret},
   journal = {Fuzzy Sets and Systems},
   Volume = {144},
   year = {2004},
   pages = {127-150},
}

@book{NW00,
   title = "A first Course in Fuzzy Logic",
   author = "H.T. Nguyen and E.A. Walker",
   year = 2000,
   publisher = "Chapman and Hall/CRC",
}

@article{T55,
   title = {A lattice-theoretical fixpoint theorem and its applications},
   author = {A. Tarski},
   journal = {Pacific J. Math},
   Volume = {5},
   year = {1955},
   pages = {285–309},
}

@book{DP03,
   title = "Introduction to lattices and order",
   author = "B. A. Davey and H. A. Priestley",
   year = 2003,
   publisher = "Cambridge Univ Press",
}

%@article{J08,
   %title = {Nouvells researches sur la distribution florale},
  % author = {P. Jaccard},
   %journal = {Bulletin de la Societe de Vaud des Sciences Naturelles},
  % Volume = {44},
  % year = {1908},
  % pages = {223},
%}

%@book{SS63,
  % title = "Principles of Numerical Taxonomy",
  % author = "R.R.Sokal and P.H.Sneath",
  % year = 1963,
  % publisher = "Freeman San Francisco CA",
%}	

@article{B69,
   title = {Mapping diversity: A comparative study of numerical methods},
   author = {A.J.Boyce},
   journal = {Numerical taxonomy},
   year = {1969},
   pages = {1-31},
}

%@article{JH58,
   %title = {An analysis of taxonomist's judgement of affinity},
   %author = {A.J.Cain and G.A.Harrison},
   %journal = {Proc.Zool.Soc.Lond},
   %volume = {131},
   %year = {1958},
   %pages = {85-98},
%}

@article{A50,
   title = {Dimensions of similarity},
   author = {F.Attneave},
   journal = {American Journal of Psychology},
   volume = {63},
   year = {1950},
   pages = {516-556},
}

@article{T77,
   title = {Features of similarity},
   author = {A.Tversky},
   journal = {Psychol.Rev},
   volume = {84},
   year = {1977},
   pages = {327-352},
}

@article{G46,
   title = {Paired comparison and the logic of measurement},
   author = {H.Gulliksen},
   journal = {Psychological.Review},
   volume = {55},
   year = {1946},
   pages = {199-213},
}

%@article{R38,
   %title = {Multidimensional psychophysics},
   %author = {M.W,Richardson},
  % journal = {Psychol.Bull},
  % volume = {38},
  % year = {1938},
  % pages = {659},
%}

@article{T65,
   title = {Multidimensional scaling: I. Theory and method},
   author = {W.S.Torgerson},
   journal = {Psychometrika},
   volume = {17},
   year = {1965},
   pages = {401-419},
}

@article{YH59,
   title = {Discussion of a set of points in terms of their mutual distances},
   author = {G.Young and A.S.Householder},
   journal = {Psychometrika},
   volume = {3},
   year = {1959},
   pages = {19-22},
}

@book{SCFST02,
   title = "Similarity and Compatiability in Fuzzy Set Theory",
   author = "Valerie V.Cross and Thomas A.Sudkamp",
   year = 2002,
   publisher = "Springer-Verlag company",
}
	
@book{ST80,
   title = "Set Theory: An Introduction to Independence Proofs",
   author = "Kunen, Kenneth",
   year = 1980,
   publisher = "North-Holland",
}	

@book{HP98,
   title = "Metamathematics of Fuzzy Logic",
   author = "Hajek P.",
   year = 1998,
   publisher = "Dordrecht: Kluwer",
}	

@book{KPMRPE00,
   title = "Triangular Norms",
   author = "Klement, Erich Peter; Mesiar, Radko; and Pap, Endre",
   year = 2000,
   publisher = "Dordrecht: Kluwer",
}	

@book{L20,
   title = "On three-valued logic",
   author = "Jan Lukasiewicz",
   year = 1920,
   publisher = "North�Holland",
}	

@book{AHV95,
   title = "Foundations of databases",
   author = "Serge Abiteboul, Richard Hull, Victor Vianu",
   year = 1995,
   publisher = "Addison Wesley Longman",
}	

@MISC{Glockner97dfs-,
    author = {Ingo Gl�ckner and Technischen Fakult At and Abteilung Informationstechnik and Impressum Herausgeber and Robert Giegerich and Alois Knoll and Helge Ritter and Gerhard Sagerer and Ipke Wachsmuth and Ingo Gl Ockner and Ingo Gl Ockner},
    title = {DFS - An Axiomatic Approach to Fuzzy Quantification},
    year = {1997}
}

%@article{BC81,
   %title = {Generalized quantifiers and natural language},
   %author = {J. Barwise and R. Cooper. },
   %journal = {Linguistics and Philosophy},
   %volume = {4},
   %year = {1981},
   %pages = {159-219},
%}

@article{B83,
   title = {Determiners and logic},
   author = { J. van Benthem.},
   journal = {Linguistics and Philosophy},
   volume = {6},
   year = {1983},
  }

%@article{B84,
   %title = {Questions about quantifiers},
   %author = { J. van Benthem.},
   %journal = {Journal of Symbolic Logic},
  % volume = {49},
  % year = {1984},
 % }

%@article{KS86,
%   title = {A semantic characterization of natural language determiners},
  % author = {E. Keenan and J. Stavi. },
   %journal = {Linguistics and Philosophy},
   %volume = {9},
   %year = {1986},
  %}
  
  @article{Z83,
   title = {A computational approach to fuzzy quantifiers in natural languages},
   author = {L.A. Zadeh. },
   journal = {Computers and Mathematics with Applications},
   volume = {9},
   year = {1983},
   pages = {149-184},
}

@article{Z96,
   title = {The Birth and Evolution of Fuzzy Logic},
   author = {L.A. Zadeh. },
   journal = {Advances in fuzzy systems},
   volume = {6},
   year = {1996},
   pages = {811-814},
}

@article{MPS10,
   title = {RFuzzy: Syntax, Semantics and Implementation Details of a Simple and Expressive Fuzzy Tool over Prolog},
   author = {Susana Munoz-Hernandez and Victor Pablos-Ceruelo and Hannas Strass},
   year={2010}
}

@article{SDM89,
   title = {Fuzzy resolution principle},
   author = {Z.Shen, L.Ding and M.Mukaidono.},
   journal = {18th International Symposium on Multiple-valued Logic},
   volume = {5},
   year = {1989},
}

@article{TCC95,
   title = {Conjunction and disjunction on ([0,1],$\leq$)},
   author = {Enric Trillas, Susana Cubillo and Juan Luis Castro},
   journal = {Fuzzy set and systems},
   volume = {72(2)},
   year = {1995},
   pages = {155-165},
}

@article{PTC02,
   title = {A general class of triangular norm-based aggregation operators: quasi-linear t-s operators},
   author = {Ana Pradera, Enric Trillas and Tomasa Calvo},
   journal = {International Journal of Approximate Reasoning},
   volume = {30(1)},
   year = {2002},
   pages = {57-72},
}

@article{MM08a,
   title = {Programming with fuzzy logic rules by using the floper tool},
   author = {Pedro J.Morcillo and Gines Moreno},
   journal = {In RuleML '08: Proceedings of the International Symposium on Rule Representation, Interchange and Reasoning on the Web},
   year = {2008},
   pages = {119-126},
}

@article{Mor06,
   title = {Building a fuzzy transformation system},
   author = {Gines Moreno},
   journal = {Lecture Notes in Computer Science},
   volume = {3831},
   year = {2006},
   pages = {409-418},
}










}