%
% stdprolog_paper.bib
% by pts at fazekas.hu at Thu Mar  2 14:40:15 CET 2006
%

@manual{isoprolog95,
  title={{ISO/IEC} 13211-1. International Standard,
    Invormation technology -- Programming languages -- {Prolog} --
    Part 1: General core},
  organization={ISO},
  edition=1,
  year=1995,
}

@book{isoprologbook,
  title={{Prolog:} Reference Manual},
  author={Laurent Cervoni and Abdelali Ed-Dbali and Pierre Deransart},
  publisher={Springer},
  year=1996,
  ignore_month="15~"#apr,
  pages=272,
  ISBN={3540593047},
  comment={!! why do we cite it?
    http://books.google.com/books?ie=UTF-8&id=noJW-_zXKskC&dq=iso+prolog+book&psp=wp
  },
}

@manual{sicstus-manual,
  title={{SICStus} {Prolog} User's Manual (for version 3.12.3)},
  organization={Intelligent Systems Laboratory, SICS},
  address={PO Box 1263, S-164 28 Kista, Sweden},
  year=2005, month=oct,
  note={URL \url{http://www.sics.se/sicstus/docs/3.12.3/html/sicstus.html/}},
}

@article{diaz00gnu,
  author = "Daniel Diaz and Philippe Codognet",
  title = "{GNU Prolog}: Beyond Compiling {Prolog} to {C}",
  journal = "Lecture Notes in Computer Science",
  volume = "1753",
  pages = "81--92",
  year = "2000",
  url={URL http://loco.inria.fr/~diaz/publications.html},
  comment={full text in BME somwehere here: http://www.springerlink.com/(ftec5c45yuyokt45zuxkbiiu)/app/home/contribution.asp?referrer=parent&backto=issue,6,23;journal,2071,3313;linkingpublicationresults,1:105633,1},
}
% Dat: URL with download
% http://citeseer.ist.psu.edu/rd/8030113%2C259622%2C1%2C0.25%2CDownload/http://citeseer.ist.psu.edu/cache/papers/cs/11892/ftp:zSzzSzftp.inria.frzSzINRIAzSzProjectszSzlocozSzpublicationszSzgprologzSzgp-sac-short.pdf/diaz00gnu.pdf

@inproceedings{DBLP:conf_sac_DiazC00,
  author    = {Daniel Diaz and Philippe Codognet},
  title     = {The {GNU Prolog} System and its Implementation.},
  booktitle = {ACM Symposium on Applied Computing (2)},
  year      = {2000}, month="19--21~"#mar,
  pages     = {728-732},
  bibsource = {DBLP, http://dblp.uni-trier.de},
  comment={!! vagy ez vagy either this or diaz00gnu},
  isbn={1-58113-239-5},
  volume=1,
}

% WPLE-03
@InProceedings{Wielemaker:03b,
   author = "Jan Wielemaker",
   title = "An overview of the {SWI-Prolog} Programming Environment",
   booktitle = "Proceedings of the 13th International Workshop on Logic Programming Environments",
   pages = "1--16",
   editor = "Fred Mesnard and Alexander Serebenik",
   publisher = "Katholieke Universiteit Leuven",
   address = "Heverlee, Belgium",
   year = "2003",
   month = dec,
   note = "CW 371",
}

@manual{swipl-manual,
  title={{SWI-Prolog} 5.6.4 Reference Manual},
  author={Jan Wielemaker},
  organization={Human-Computer Studies},
  year={2006},
  note={URL \url{http://gollem.science.uva.nl/SWI-Prolog/Manual/}},
}

% ---

@manual{ciao-manual,
  title={The {Ciao} System. Reference Manual (V1.10)},
  author={F. Bueno and D. Cabeza and M. Carro and M. Hermenegildo and P. L{\'o}pez-Garc{\'i}a and G. Puebla},
  comment2={!! authors are editors},
  organization={School of Computer Science, Technical University of Madrid (UPM)},
  year=2004, mon=jun,
  note={URL \url{http://clip.dia.fi.upm.es/Software/Ciao/}},
}

@manual{yap-manual,
  title={The {Yap Prolog} User's Manual},
  author={Santos-Costa, V. and Damas, L. and Reis, R. and Azevedo, R.},
  organization={Universidade do Porto and COPPE Sistemas},
  year=2006,
  note={URL \url{http://www.ncc.up.pt/~vsc/Yap/}},
}

@article{seriously,
  author={Bagnara, Roberto},
  title={Is the {ISO Prolog} standard taken seriously?},
  journal={The Association for Logic Programming Newsletter},
  year={1999},
  volume={12},
  number={1},
  pages={10--12},
  month=feb,
  note={URL \url{http://www.cs.unipr.it/~bagnara/Papers/Abstracts/ALPN99a}},
  comment={!! see on paper}
}

@unpublished{validation,
  title={Validation test suite for {ISO} Standard conformance},
  author={Jonathan Hodgson},
  note={URL \url{http://www.sju.edu/~jhodgson/x3j17.html}},
  comment={!!we cover ISO better !! our WG group: X3J17 !! suite.tar.gz},
  year=1998,
  month="2~"#oct,
}

@unpublished{executable,
  title={Executable Specification for {Standard Prolog}},
  author={Pierre Deransart and AbdelAli Ed-Dbali},
  note={URL \url{http://www.uc.pt/logtalk/links.html},
    Download URL \url{ftp://ftp-lifo.univ-orleans.fr/pub/Users/eddbali/SdProlog}},
  year=1996,
  month="5~"#jul,
  comment={!! contains test cases !! and contains Prolog code that executes Prolog},
}
