@string{info10 = {For string definitions import as bibliography-file one of:}}
@string{info11 = { - short-string.bib}}
@string{info12 = { - medium-string.bib}}
@string{info13 = { - long-string.bib}}

@book{Llo87,
  editor =       "John Wylie Lloyd",
  booktitle =    "Foundations of Logic Programming, 2nd Edition.",
  publisher =    "Springer",
  year =         1987,
}

@article{Lee72,
  author =       {R. C. T. Lee.},
  title =        {Fuzzy Logic and the resolution principle},
  journal =      {the Association for Computing Machinery},
  volume =       {19(1)},
  pages =        {119–129},
  year =         {1972},
}

@book{IK85,
  author    = "Mitsuru Ishizuka and Naoki Kanai",
  title     = "Prolog-elf incorporating fuzzy logic",
  booktitle = "In IJCAI’85: Proceedings of the 9th international joint conference on Artificial intelligence",
  year      = 1985,
  pages     = "701–703",
  publisher = "Morgan Kaufmann Publishers Inc",
}

@article{LL90,
  author    = {Deyi Li and Dongbo Liu},
  title     = {A fuzzy Prolog database system},
  year      = {1990},
}

@article{SDM89,
   title = {Fuzzy resolution principle},
   author = {Z.Shen, L.Ding and M.Mukaidono.},
   journal = {18th International Symposium on Multiple-valued Logic},
   volume = {5},
   year = {1989},
}

@book{KPMRPE00,
   title = "Triangular Norms",
   author = "Klement, Erich Peter; Mesiar, Radko; and Pap, Endre",
   year = 2000,
   publisher = "Dordrecht: Kluwer",
}

@article{TCC95,
   title = {Conjunction and disjunction on ([0,1],$\leq$)},
   author = {Enric Trillas, Susana Cubillo and Juan Luis Castro},
   journal = {Fuzzy set and systems},
   volume = {72(2)},
   year = {1995},
   pages = {155-165},
}

@article{PTC02,
   title = {A general class of triangular norm-based aggregation operators: quasi-linear t-s operators},
   author = {Ana Pradera, Enric Trillas and Tomasa Calvo},
   journal = {International Journal of Approximate Reasoning},
   volume = {30(1)},
   year = {2002},
   pages = {57-72},
}

@article{MM08a,
   title = {Programming with fuzzy logic rules by using the floper tool},
   author = {Pedro J.Morcillo and Gines Moreno},
   journal = {In RuleML '08: Proceedings of the International Symposium on Rule Representation, Interchange and Reasoning on the Web},
   year = {2008},
   pages = {119-126},
}

@article{Mor06,
   title = {Building a fuzzy transformation system},
   author = {Gines Moreno},
   journal = {Lecture Notes in Computer Science},
   volume = {3831},
   year = {2006},
   pages = {409-418},
}

@article{MPS10,
   title = {RFuzzy: Syntax, Semantics and Implementation Details of a Simple and Expressive Fuzzy Tool over Prolog},
   author = {Susana Munoz-Hernandez and Victor Pablos-Ceruelo and Hannas Strass},
   year={2010}
}





