%%%%%%%%%%%%%%%%%%%%%%%%%%%%%%%%%%%%%%%%%%%%%%%%%%%%%%%%%%%%%%%%%%%%%%
%%                    BIBLIOGRAPHY
%%%%%%%%%%%%%%%%%%%%%%%%%%%%%%%%%%%%%%%%%%%%%%%%%%%%%%%%%%%%%%%%%%%%%%

@InProceedings{Chan1,
   author    = {D. Chan},
   title     = {Constructive Negation Based on the Complete Database},
   booktitle = {ICLP'88},
   pages     = {111--125},
   year      = {1988},
   publisher = {The MIT Press}
}

@InProceedings{Chan2,
   author    = {D. Chan},
   title = {An Extension of Constructive Negation and its Application
   in Coroutining},
   booktitle = {Proc. NACLP'89},
   pages     = {477--493},
   year      = {1989},
   publisher = {The MIT Press},
}

@InProceedings{Stuckey95,
   author    = {P. Stuckey},
   title     = {Negation and Constraint Logic Programming},
   booktitle = {Information and Computation},
   journal   = {},
   pages     = {12--33},
   year      = {1995},
   month     = {},
   volume    = {118(1)},
   note      = {},
   number =    {},
   publisher = {},
   address   = {},
   editor    = {}
}

@InProceedings {SusanaPADL2000,
  author =       {S. Mu{\~n}oz and J. J. Moreno-Navarro},
  title =        {How to Incorporate Negation in a Prolog Compiler},
  booktitle =    {PADL'2000},
  editor =       {E. Pontelli and V. Santos Costa},
  volume =       1753,
  series =       {LNCS},
  year =         2000,
  publisher =    {Springer-Verlag},
  address =      {Boston, MA (USA)},
  pages =        {124--140}
}

