@mastersthesis{Sin12,
  author    = "Sinan Egilmez",
  title     = "A sound and Efficient Approach For The Similarity Concept In Fuzzy Logic",
  school = "Facultad de Informatica",
  year      = 2012,

}

@book{Wri08,
 author = {Wright, Craig S.},
 title = {The IT Regulatory and Standards Compliance Handbook:: How to Survive Information Systems Audit and Assessments},
 year = {2008},
 isbn = {1597492663, 9780080560175, 9781597492669},
 publisher = {Syngress Publishing},
} 

@book{Sha02,
 author = {Sharma, Gaurav},
 title = {Digital Color Imaging Handbook},
 year = {2002},
 isbn = {084930900X},
 publisher = {CRC Press, Inc.},
 address = {Boca Raton, FL, USA},
} 

@article{MPS10,
   title = {RFuzzy: Syntax, Semantics and Implementation Details of a Simple and Expressive Fuzzy Tool over Prolog},
   author = {Susana Munoz-Hernandez and Victor Pablos-Ceruelo and Hannas Strass},
   year={2010}
}